@string{acmpress = "ACM Press"}
@string{acmpadd = "New York, NY"}
@string{ieeecspress = "IEEE Computer Society Press"}
@string{ieeecspadd = "Los Alamitos, CA"}
@string{spv = "Springer"}
@string{spvadd = "Berlin, Heidelberg"}
@string{lncs= "Lecture Notes in Computer Science"}
@string{lnai= "Lecture Notes in Artificial Intelligence"}
@string{entcs="Electronic Notes in Theoretical Computer Science"}
@string{ipl = "Information Processing Letters"}
@string{jf  = "Journal of Functional Programming"}
@string{jlc = "Journal of Logic and Computation"}
@string{toplas="ACM Transactions on Programming Languages and Systems"}
@string{spe = "Software -- Practice and experience"}
@string{jlsc= "Lisp and Symbolic Computation"}
@string{acta= "Acta Informatica"}
@string{sicomp="SIAM Journal on Computing"}
@string{scp = "Science of Computer Programming"}
@string{tissec="ACM Transactions on Information and System Security (TISSEC)"}
@string{cacm="Communications of the ACM"}


@inproceedings{Coron05,
  author    = {Jean-S{\'e}bastien Coron and
               Yevgeniy Dodis and
               C{\'e}cile Malinaud and
               Prashant Puniya},
  title     = {Merkle-{D}amg{\r{a}}rd Revisited: How to Construct a Hash
               Function},
  booktitle = "Advances in Cryptology---CRYPTO~2005",
  conflocation = {Santa Barbara, CA},
  year      = {2005},
  pages     = {430--448},
 publisher    =   spv,
  address = spvadd,
 series       =   lncs,
 volume       =   3621,
}

	@InProceedings{Dodis12,
		author = 	 {Yevgeniy Dodis and Thomas Ristenpart and John Steinberger and Stefano Tessaro},
		title = 	 {To Hash or Not to Hash Again? ({I}n)differentiability Results for {$H^2$} and {HMAC}},
		booktitle = {Advances in Cryptology (Crypto)},
		pages = 	 {348--366},
		year = 	 2012,
	}
